@article{knuth84,
  author = {Knuth, Donald E.},
  title = {Literate Programming},
  year = {1984},
  issue_date = {May 1984},
  publisher = {Oxford University Press, Inc.},
  address = {USA},
  volume = {27},
  number = {2},
  issn = {0010-4620},
  url = {https://doi.org/10.1093/comjnl/27.2.97},
  doi = {10.1093/comjnl/27.2.97},
  journal = {Comput. J.},
  month = may,
  pages = {97â€“111},
  numpages = {15}
}



@article{dasauki2023,
	title = {COVID-19 pandemic: revisiting the safe haven assets},
	author = {Dasauki, Musa C. and Oluwalaiye, Olusola B. and Kwarbai, Jerry D. and Oyesiji, Jesudara E.},
	year = {2023},
	date = {2023},
	journal = {Global Business and Economics Review},
	pages = {175},
	volume = {28},
	number = {2},
	doi = {10.1504/gber.2023.128834},
	url = {http://dx.doi.org/10.1504/gber.2023.128834},
	langid = {en}
}

@article{kwarbai2020,
	title = {VAT exemption and capital market transactions},
	author = {Kwarbai, Jerry Danjuma and Olaoye, Samuel Adebayo and Musa, Dasauki Caleb},
	year = {2020},
	date = {2020},
	journal = {American J. of Finance and Accounting},
	pages = {190},
	volume = {6},
	number = {2},
	doi = {10.1504/ajfa.2020.110327},
	url = {http://dx.doi.org/10.1504/ajfa.2020.110327},
	langid = {en}
}

@article{zhang2009,
	title = {Energy consumption, carbon emissions, and economic growth in China},
	author = {Zhang, Xing-Ping and Cheng, Xiao-Mei},
	year = {2009},
	month = {08},
	date = {2009-08},
	journal = {Ecological Economics},
	pages = {2706--2712},
	volume = {68},
	number = {10},
	doi = {10.1016/j.ecolecon.2009.05.011},
	url = {http://dx.doi.org/10.1016/j.ecolecon.2009.05.011},
	langid = {en}
}

@article{zhang2009a,
	title = {Energy consumption, carbon emissions, and economic growth in China},
	author = {Zhang, Xing-Ping and Cheng, Xiao-Mei},
	year = {2009},
	month = {08},
	date = {2009-08},
	journal = {Ecological Economics},
	pages = {2706--2712},
	volume = {68},
	number = {10},
	doi = {10.1016/j.ecolecon.2009.05.011},
	url = {http://dx.doi.org/10.1016/j.ecolecon.2009.05.011},
	langid = {en}
}
